@article{gao1996ndwi,
  title={NDWIâ€”a normalized difference water index for remote sensing of vegetation liquid water from space},
  author={Gao, Bo-Cai},
  journal={Remote sensing of environment},
  volume={58},
  number={3},
  pages={257--266},
  year={1996},
  publisher={Elsevier}
}

@article{mcfeeters1996use,
  title={The use of the Normalized Difference Water Index (NDWI) in the delineation of open water features},
  author={McFeeters, Sharlene K},
  journal={International journal of remote sensing},
  volume={17},
  number={7},
  pages={1425--1432},
  year={1996},
  publisher={Taylor \& Francis}
}


@article{huang2014extensions,
  title={Extensions of Kmeans-Type Algorithms: A New Clustering Framework by Integrating Intracluster Compactness and Intercluster Separation},
  author={Xiaohui Huang and Yunming Ye and Haijun Zhang},
  journal={IEEE Transactions on Neural Networks and Learning Systems},
  volume={25},
  pages={1433-1446},
  year={2014},
  doi={10.1109/TNNLS.2013.2293795},
}

@article{jiang2006analysis,
  title={Analysis of NDVI and scaled difference vegetation index retrievals of vegetation fraction},
  author={Zhangyan Jiang and A. Huete and Jin Chen and Yunhao Chen and Jing Li and G. Yan and Xiaoyu Zhang},
  journal={Remote Sensing of Environment},
  volume={101},
  pages={366-378},
  year={2006},
  doi={10.1016/J.RSE.2006.01.003},
}

@article{wang2016fusion,
  title={Fusion of Sentinel-2 images},
  author={Qunming Wang and W. Shi and Zhongbin Li and P. Atkinson},
  journal={Remote Sensing of Environment},
  volume={187},
  pages={241-252},
  year={2016},
  doi={10.1016/J.RSE.2016.10.030},
}
